@article{google_delex_transfer,
 author = {McDonald, Ryan and Petrov, Slav and Hall, Keith},
 title = {Multi-source Transfer of Delexicalized Dependency Parsers},
 booktitle = {Proceedings of the Conference on Empirical Methods in Natural Language Processing},
 series = {EMNLP '11},
 year = {2011},
 isbn = {978-1-937284-11-4},
 location = {Edinburgh, United Kingdom},
 pages = {62--72},
 numpages = {11},
 url = {http://dl.acm.org/citation.cfm?id=2145432.2145440},
 acmid = {2145440},
 publisher = {Association for Computational Linguistics},
 address = {Stroudsburg, PA, USA},
} 

@article{collins_density_transfer,
    author    = {Mohammad Sadegh Rasooli and
    Michael Collins},
    title     = {Density-Driven Cross-Lingual Transfer of Dependency Parsers},
    booktitle = {Proceedings of the 2015 Conference on Empirical Methods in Natural
    Language Processing, {EMNLP} 2015, Lisbon, Portugal, September 17-21,
    2015},
    pages     = {328--338},
    year      = {2015},
    crossref  = {DBLP:conf/emnlp/2015},
    url       = {http://aclweb.org/anthology/D/D15/D15-1039.pdf},
    timestamp = {Wed, 14 Oct 2015 09:56:24 +0200},
    biburl    = {http://dblp.uni-trier.de/rec/bib/conf/emnlp/RasooliC15},
    bibsource = {dblp computer science bibliography, http://dblp.org}
}

@InProceedings{neural_net_duong,
    author    = {Duong, Long  and  Cohn, Trevor  and  Bird, Steven  and  Cook, Paul},
    title     = {A Neural Network Model for Low-Resource Universal Dependency Parsing},
    booktitle = {Proceedings of the 2015 Conference on Empirical Methods in Natural Language Processing},
    month     = {September},
    year      = {2015},
    address   = {Lisbon, Portugal},
    publisher = {Association for Computational Linguistics},
    pages     = {339--348},
    url       = {http://aclweb.org/anthology/D15-1040}
}

@article{gale1993_alignment,
    title={A program for aligning sentences in bilingual corpora},
    author={Gale, William A and Church, Kenneth W},
    journal={Computational linguistics},
    volume={19},
    number={1},
    pages={75--102},
    year={1993},
    publisher={MIT Press}
}

@article{giza_pp,
    AUTHOR = {Franz Josef Och and Hermann Ney},
    TITLE = {A Systematic Comparison of Various Statistical Alignment Models},
    JOURNAL= {Computational Linguistics}, 
    NUMBER = 1,
    VOLUME = 29,
    YEAR = 2003,
    PAGES = {19--51}}


@article{eanc,
    title={Eastern Armenian National Corpus},
    author={Corpus Technologies},
    journal={},
    volume={},
    number={},
    pages={},
    year={2007-2009},
    publisher={},
    url       = {http://eanc.net}
}